@INPROCEEDINGS{EmpiricalIcMICSE2019, author={J. {Chen} and X. {He} and Q. {Lin} and Y. {Xu} and H. {Zhang} and D. {Hao} and F. {Gao} and Z. {Xu} and Y. {Dang} and D. {Zhang}}, booktitle={2019 IEEE/ACM 41st International Conference on Software Engineering: Software Engineering in Practice (ICSE-SEIP)}, title={An Empirical Investigation of Incident Triage for Online Service Systems}, year={2019}, volume={}, number={}, pages={111-120},}

@INPROCEEDINGS{ContinuousTriageASE2019, author={J. {Chen} and X. {He} and Q. {Lin} and H. {Zhang} and D. {Hao} and F. {Gao} and Z. {Xu} and Y. {Dang} and D. {Zhang}}, booktitle={2019 34th IEEE/ACM International Conference on Automated Software Engineering (ASE)}, title={Continuous Incident Triage for Large-Scale Online Service Systems}, year={2019}, volume={}, number={}, pages={364-375}}

@inproceedings{nair2015learning,
  title={Learning a hierarchical monitoring system for detecting and diagnosing service issues},
  author={Nair, Vinod and Raul, Ameya and Khanduja, Shwetabh and Bahirwani, Vikas and Shao, Qihong and Sellamanickam, Sundararajan and Keerthi, Sathiya and Herbert, Steve and Dhulipalla, Sudheer},
  booktitle={Proceedings of the 21th ACM SIGKDD International Conference on Knowledge Discovery and Data Mining},
  pages={2029--2038},
  year={2015}
}

@INPROCEEDINGS{bansal2019decaf,
  title={DeCaf: Diagnosing and Triaging Performance Issues in Large-Scale Cloud Services},
  author={Bansal, Chetan and Renganathan, Sundararajan and Asudani, Ashima and Midy, Olivier and Janakiraman, Mathru},
  booktitle={2020 IEEE/ACM 42nd International Conference on Software Engineering: Software Engineering in Practice (ICSE-SEIP)},
  year={2020}
}

@inproceedings{luo2014correlating,
  title={Correlating events with time series for incident diagnosis},
  author={Luo, Chen and Lou, Jian-Guang and Lin, Qingwei and Fu, Qiang and Ding, Rui and Zhang, Dongmei and Wang, Zhe},
  booktitle={Proceedings of the 20th ACM SIGKDD international conference on Knowledge discovery and data mining},
  pages={1583--1592},
  year={2014}
}

@inproceedings{mehta2020rex,
  title={Rex: Preventing Bugs and Misconfiguration in Large Services Using Correlated Change Analysis},
  author={Mehta, Sonu and Bhagwan, Ranjita and Kumar, Rahul and Bansal, Chetan and Maddila, Chandra and Ashok, B and Asthana, Sumit and Bird, Christian and Kumar, Aditya},
  booktitle={17th $\{$USENIX$\}$ Symposium on Networked Systems Design and Implementation ($\{$NSDI$\}$ 20)},
  pages={435--448},
  year={2020}
}

@article{collobert2011natural,
  title={Natural language processing (almost) from scratch},
  author={Collobert, Ronan and Weston, Jason and Bottou, L{\'e}on and Karlen, Michael and Kavukcuoglu, Koray and Kuksa, Pavel},
  journal={Journal of machine learning research},
  volume={12},
  number={Aug},
  pages={2493--2537},
  year={2011}
}

@inproceedings{pennington2014glove,
  title={Glove: Global vectors for word representation},
  author={Pennington, Jeffrey and Socher, Richard and Manning, Christopher D},
  booktitle={Proceedings of the 2014 conference on empirical methods in natural language processing (EMNLP)},
  pages={1532--1543},
  year={2014}
}

@inproceedings{mikolov2010recurrent,
  title={Recurrent neural network based language model},
  author={Mikolov, Tom{\'a}{\v{s}} and Karafi{\'a}t, Martin and Burget, Luk{\'a}{\v{s}} and {\v{C}}ernock{\`y}, Jan and Khudanpur, Sanjeev},
  booktitle={Eleventh annual conference of the international speech communication association},
  year={2010}
}

@article{hochreiter1997long,
  title={Long short-term memory},
  author={Hochreiter, Sepp and Schmidhuber, J{\"u}rgen},
  journal={Neural computation},
  volume={9},
  number={8},
  pages={1735--1780},
  year={1997},
  publisher={MIT Press}
}

@article{graves2005framewise,
  title={Framewise phoneme classification with bidirectional LSTM and other neural network architectures},
  author={Graves, Alex and Schmidhuber, J{\"u}rgen},
  journal={Neural networks},
  volume={18},
  number={5-6},
  pages={602--610},
  year={2005},
  publisher={Elsevier}
}

@inproceedings{chen2019outage,
  title={Outage prediction and diagnosis for cloud service systems},
  author={Chen, Yujun and Yang, Xian and Lin, Qingwei and Zhang, Hongyu and Gao, Feng and Xu, Zhangwei and Dang, Yingnong and Zhang, Dongmei and Dong, Hang and Xu, Yong and others},
  booktitle={The World Wide Web Conference},
  pages={2659--2665},
  year={2019}
}

@inproceedings{bettenburg2008extracting,
  title={Extracting structural information from bug reports},
  author={Bettenburg, Nicolas and Premraj, Rahul and Zimmermann, Thomas and Kim, Sunghun},
  booktitle={Proceedings of the 2008 international working conference on Mining software repositories},
  pages={27--30},
  year={2008}
}

@article{lipredicting,
  title={Predicting Node Failures in an Ultra-large-scale Cloud Computing Platform: an AIOps Solution},
  author={Li, Yangguang and Jiang, Zhen Ming and Li, Heng and Hassan, Ahmed E and He, Cheng and Huang, Ruirui and Zeng, Zhengda and Wang, Mian and Chen, Pinan},
  journal={ACM Transactions on Software Engineering and Methodology (TOSEM)},
  volume={29},
  number={2},
  pages={1--24},
  year={2020},
  publisher={ACM New York, NY, USA}
}

@inproceedings{dang2019aiops,
  title={AIOps: real-world challenges and research innovations},
  author={Dang, Yingnong and Lin, Qingwei and Huang, Peng},
  booktitle={2019 IEEE/ACM 41st International Conference on Software Engineering: Companion Proceedings (ICSE-Companion)},
  pages={4--5},
  year={2019},
  organization={IEEE}
}

@inproceedings{kumar2019building,
  title={Building sankie: an AI platform for DevOps},
  author={Kumar, Rahul and Bansal, Chetan and Maddila, Chandra and Sharma, Nitin and Martelock, Shawn and Bhargava, Ravi},
  booktitle={2019 IEEE/ACM 1st International Workshop on Bots in Software Engineering (BotSE)},
  pages={48--53},
  year={2019},
  organization={IEEE}
}

@inproceedings{anvik2006should,
  title={Who should fix this bug?},
  author={Anvik, John and Hiew, Lyndon and Murphy, Gail C},
  booktitle={Proceedings of the 28th international conference on Software engineering},
  pages={361--370},
  year={2006}
}

@inproceedings{tian2016learning,
  title={Learning to rank for bug report assignee recommendation},
  author={Tian, Yuan and Wijedasa, Dinusha and Lo, David and Le Goues, Claire},
  booktitle={2016 IEEE 24th International Conference on Program Comprehension (ICPC)},
  pages={1--10},
  year={2016},
  organization={IEEE}
}

@inproceedings{bortis2013porchlight,
  title={Porchlight: A tag-based approach to bug triaging},
  author={Bortis, Gerald and Van Der Hoek, Andre},
  booktitle={2013 35th International Conference on Software Engineering (ICSE)},
  pages={342--351},
  year={2013},
  organization={IEEE}
}

@inproceedings{wang2014fixercache,
  title={FixerCache: Unsupervised caching active developers for diverse bug triage},
  author={Wang, Song and Zhang, Wen and Wang, Qing},
  booktitle={Proceedings of the 8th ACM/IEEE International Symposium on Empirical Software Engineering and Measurement},
  pages={1--10},
  year={2014}
}

@article{zhou2016combining,
  title={Combining text mining and data mining for bug report classification},
  author={Zhou, Yu and Tong, Yanxiang and Gu, Ruihang and Gall, Harald},
  journal={Journal of Software: Evolution and Process},
  volume={28},
  number={3},
  pages={150--176},
  year={2016},
  publisher={Wiley Online Library}
}

@inproceedings{ardimento2017knowledge,
  title={Knowledge extraction from on-line open source bug tracking systems to predict bug-fixing time},
  author={Ardimento, Pasquale and Dinapoli, Andrea},
  booktitle={Proceedings of the 7th International Conference on Web Intelligence, Mining and Semantics},
  pages={1--9},
  year={2017}
}

@inproceedings{pantel2012mining,
  title={Mining entity types from query logs via user intent modeling},
  author={Pantel, Patrick and Lin, Thomas and Gamon, Michael},
  booktitle={Proceedings of the 50th Annual Meeting of the Association for Computational Linguistics: Long Papers-Volume 1},
  pages={563--571},
  year={2012},
  organization={Association for Computational Linguistics}
}
  
@inproceedings{xu2008entity,
title={Entity-based query reformulation using wikipedia},
author={Xu, Yang and Ding, Fan and Wang, Bin},
booktitle={Proceedings of the 17th ACM conference on Information and knowledge management},
pages={1441--1442},
year={2008}
}

@inproceedings{florian2003named,
  title={Named entity recognition through classifier combination},
  author={Florian, Radu and Ittycheriah, Abe and Jing, Hongyan and Zhang, Tong},
  booktitle={Proceedings of the seventh conference on Natural language learning at HLT-NAACL 2003-Volume 4},
  pages={168--171},
  year={2003},
  organization={Association for Computational Linguistics}
}

@inproceedings{mccallum2003early,
  title={Early results for named entity recognition with conditional random fields, feature induction and web-enhanced lexicons},
  author={McCallum, Andrew and Li, Wei},
  booktitle={Proceedings of the seventh conference on Natural language learning at HLT-NAACL 2003-Volume 4},
  pages={188--191},
  year={2003},
  organization={Association for Computational Linguistics}
}

@inproceedings{pacsca2007weakly,
  title={Weakly-supervised discovery of named entities using web search queries},
  author={Pa{\c{s}}ca, Marius},
  booktitle={Proceedings of the sixteenth ACM conference on Conference on information and knowledge management},
  pages={683--690},
  year={2007}
}

@inproceedings{vyas2009semi,
  title={Semi-automatic entity set refinement},
  author={Vyas, Vishnu and Pantel, Patrick},
  booktitle={Proceedings of Human Language Technologies: The 2009 Annual Conference of the North American Chapter of the Association for Computational Linguistics},
  pages={290--298},
  year={2009}
}

@article{paulus2017deep,
  title={A deep reinforced model for abstractive summarization},
  author={Paulus, Romain and Xiong, Caiming and Socher, Richard},
  journal={arXiv preprint arXiv:1705.04304},
  year={2017}
}

@article{nadeau2007survey,
  title={A survey of named entity recognition and classification},
  author={Nadeau, David and Sekine, Satoshi},
  journal={Lingvisticae Investigationes},
  volume={30},
  number={1},
  pages={3--26},
  year={2007},
  publisher={John Benjamins}
}

@article{lample2016neural,
  title={Neural architectures for named entity recognition},
  author={Lample, Guillaume and Ballesteros, Miguel and Subramanian, Sandeep and Kawakami, Kazuya and Dyer, Chris},
  journal={arXiv preprint arXiv:1603.01360},
  year={2016}
}

@article{bahdanau2014neural,
  title={Neural machine translation by jointly learning to align and translate},
  author={Bahdanau, Dzmitry and Cho, Kyunghyun and Bengio, Yoshua},
  journal={arXiv preprint arXiv:1409.0473},
  year={2014}
}

@inproceedings{chen2017recurrent,
  title={Recurrent attention network on memory for aspect sentiment analysis},
  author={Chen, Peng and Sun, Zhongqian and Bing, Lidong and Yang, Wei},
  booktitle={Proceedings of the 2017 conference on empirical methods in natural language processing},
  pages={452--461},
  year={2017}
}

@inproceedings{li2016discourse,
  title={Discourse parsing with attention-based hierarchical neural networks},
  author={Li, Qi and Li, Tianshi and Chang, Baobao},
  booktitle={Proceedings of the 2016 Conference on Empirical Methods in Natural Language Processing},
  pages={362--371},
  year={2016}
}

@inproceedings{vaswani2017attention,
  title={Attention is all you need},
  author={Vaswani, Ashish and Shazeer, Noam and Parmar, Niki and Uszkoreit, Jakob and Jones, Llion and Gomez, Aidan N and Kaiser, {\L}ukasz and Polosukhin, Illia},
  booktitle={Advances in neural information processing systems},
  pages={5998--6008},
  year={2017}
}

@article{devlin2018bert,
  title={Bert: Pre-training of deep bidirectional transformers for language understanding},
  author={Devlin, Jacob and Chang, Ming-Wei and Lee, Kenton and Toutanova, Kristina},
  journal={arXiv preprint arXiv:1810.04805},
  year={2018}
}

@article{lafferty2001conditional,
  title={Conditional random fields: Probabilistic models for segmenting and labeling sequence data},
  author={Lafferty, John and McCallum, Andrew and Pereira, Fernando CN},
  year={2001}
}

@article{caruana1997multitask,
  title={Multitask learning},
  author={Caruana, Rich},
  journal={Machine learning},
  volume={28},
  number={1},
  pages={41--75},
  year={1997},
  publisher={Springer}
}

@inproceedings{misra2016cross,
  title={Cross-stitch networks for multi-task learning},
  author={Misra, Ishan and Shrivastava, Abhinav and Gupta, Abhinav and Hebert, Martial},
  booktitle={Proceedings of the IEEE Conference on Computer Vision and Pattern Recognition},
  pages={3994--4003},
  year={2016}
}

@article{ruder2017learning,
  title={Learning what to share between loosely related tasks},
  author={Ruder, Sebastian and Bingel, Joachim and Augenstein, Isabelle and S{\o}gaard, Anders},
  journal={arXiv preprint arXiv:1705.08142},
  year={2017}
}

@article{huang2015bidirectional,
  title={Bidirectional LSTM-CRF models for sequence tagging},
  author={Huang, Zhiheng and Xu, Wei and Yu, Kai},
  journal={arXiv preprint arXiv:1508.01991},
  year={2015}
}

@article{chiu2016named,
  title={Named entity recognition with bidirectional LSTM-CNNs},
  author={Chiu, Jason PC and Nichols, Eric},
  journal={Transactions of the Association for Computational Linguistics},
  volume={4},
  pages={357--370},
  year={2016},
  publisher={MIT Press}
}